@techreport{DGEpi2020_03_23,
     title = {{Stellungnahme der Deutschen Gesellschaft für Epidemiologie (DGEpi) zur Verbreitung des neuen Coronavirus (SARS-CoV-2)}},
     author = {},
     year = {2020},
     institution = {Deutsche Gesellschaft für Epidemiologie},
     url = {https://www.dgepi.de/assets/Stellungnahmen/Stellungnahme2020Corona_DGEpi-21032020.pdf},
     month = {03},
}

@techreport{RKI2020_03_20,
     title = {{Modellierung von Beispielszenarien der SARS-CoV-2-Epidemie 2020 in Deutschland}},
     author = {{An der Heiden} M. and Buchholz U.},
     year = {2020},
     institution = {Robert Koch Institut},
     url = {https://www.rki.de/DE/Content/InfAZ/N/Neuartiges_Coronavirus/Modellierung_Deutschland.pdf?__blob=publicationFile},
     month = {03},
     
}